@misc{KubernetesHpaWalkthrough, url={https://kubernetes.io/docs/tasks/run-application/horizontal-pod-autoscale-walkthrough/}, journal={Kubernetes}, year={2024}, month={Jul}}
@misc{AwsHorizontalPodAutoescaler, url={https://docs.aws.amazon.com/eks/latest/userguide/horizontal-pod-autoscaler.html}, journal={Amazon Web Services, Inc.}, year={2024}, month={Jul}}
